2292 3667
369 264 762 306 suracusas—samam.
955 248 1012 311 149

433 414 489 463 See
504 416 560 463 421
578 416 607 463 ἅ
621 416 693 463 422.

393 563 494 627 ,Latin
513 564 573 621 into
587 562 725 640 English.

151 690 177 747 A
192 690 286 767 primia
300 696 385 749 aetate
398 710 445 752 me
458 692 640 768 philosophia
650 692 812 751 delectavit.

148 770 247 827 Caesar
261 770 423 847 reperiebat
436 771 588 847 plerosque
602 772 707 849 Belgas
720 790 782 830 esse
799 783 877 830 ortos
892 772 928 830 ab
940 771 1012 832 Ger·
1035 797 1039 806 ·

5 880 6 899 r
107 850 211 907 manis.

149 928 195 985 De
209 926 314 1005 digno·
327 928 464 987 annulum
478 929 606 988 detriho.
721 977 726 989 „

150 1006 195 1064 Ex
222 1006 449 1065 Massiliensium
479 1008 571 1067 alasse
597 1008 724 1084 quinque
757 1028 844 1068 nares
870 1020 937 1067 sunt
965 1010 1013 1068 de·

108 1104 224 1161 pressae.
968 1143 972 1151 .

150 1164 193 1221 Ex
215 1164 273 1222 vitri
292 1164 413 1225 discedo
433 1176 569 1240 tanquam
589 1185 625 1224 ex
645 1165 780 1243 hospitio,
794 1186 853 1224 non
875 1178 1010 1244 tanquam

108 1261 145 1299 ex
159 1243 253 1301 domo.

151 1322 296 1381 Heroides
309 1322 456 1382 Tiberina
471 1323 600 1398 flurium,
613 1343 672 1400 prae
693 1344 725 1383 se
739 1335 899 1383 armentum
914 1345 1011 1404 agens,

107 1400 218 1458 nando⁶
234 1403 356 1477 trajecit.

149 1480 235 1554 Aqua
247 1480 364 1539 Trebiae
378 1480 505 1539 fluminis
519 1490 580 1539 erat
592 1483 757 1557 pectoribus
770 1493 863 1543 tenus.

149 1558 276 1634 Majr'rres
302 1560 388 1617 vestri
416 1578 483 1617 oum
504 1560 663 1632 Ammona,
688 1579 755 1618 eum
779 1563 923 1638 Phiiippo,
944 1582 1012 1621 eum

108 1636 226 1708 AEtirlis,
241 1657 307 1695 oum
324 1638 419 1696 Poenis
434 1638 509 1696 bella
522 1643 682 1715 gesserunt.

150 1716 284 1775 Catilina
299 1717 404 1775 serrum
420 1718 456 1775 de
470 1719 603 1775 manibus
613 1720 791 1778 extorsImus.

396 1904 526 1981 English
546 1905 607 1963 into
620 1906 722 1965 Latin.

111 2033 220 2091 Pharus
247 2033 271 2091 is
296 2052 313 2091 a
335 2044 424 2092 tower
444 2034 540 2091 which
580 2035 691 2096 Pharus
704 2056 766 2093 sum
781 2036 877 2108 turris,
892 2036 941 2111 qui
961 2055 1011 2095 no-

147 2113 230 2170 takes
261 2112 326 2193 (its)
351 2131 436 2171 name
467 2114 540 2172 srorn
621 2114 701 2173 men⁰
717 2116 753 2173 ab
768 2115 861 2173 insula
876 2116 996 2191 accipio.

147 2191 197 2253 the
212 2192 312 2251 island.

107 2269 176 2329 The
203 2271 302 2329 Rhine
328 2281 471 2347 separatas
493 2271 543 2341 the
583 2272 707 2330 Rhenus
729 2291 796 2350 ager
824 2272 973 2331 Helvetius
994 2293 1011 2332 a

149 2349 303 2408 Helvetian
321 2350 454 2426 territory
469 2350 542 2409 from
621 2353 760 2411 Germani
775 2351 878 2409 divido.

147 2428 197 2486 the
210 2430 361 2487 Germans.

106 2506 175 2565 'I'he
185 2519 289 2583 prator
303 2527 368 2567 rose
382 2509 454 2566 from
466 2507 538 2589 (his)
580 2509 689 2569 Praetor
703 2510 739 2567 de
752 2509 837 2567 sella‘*
851 2528 947 2589 surgo.

147 2598 216 2645 seat.
938 2635 941 2641 ,

105 2665 175 2724 The
202 2664 252 2723 hill
283 2685 342 2723 was
368 2666 497 2724 elevated
523 2685 540 2724 a
581 2668 672 2726 Collis
692 2664 839 2743 paulriliim
865 2686 900 2725 ex
920 2669 1010 2745 plani-

146 2744 220 2802 littie
234 2744 306 2802 from
321 2746 369 2803 the
384 2745 469 2821 plain.
618 2748 673 2805 ties
687 2747 750 2804 edo.

106 2822 223 2881 Iknow
237 2835 297 2896 not,
320 2824 362 2881 sor
374 2824 433 2901 joy,
446 2824 539 2883 where
579 2826 642 2883 Prae
676 2825 811 2902 gaudium
835 2826 896 2884 ¹ubi
929 2836 1007 2885 sum*

147 2902 230 2961 lam.
617 2906 725 2962 neseio.

105 2980 174 3041 Tire
195 2999 274 3038 same
294 2981 348 3057 day
363 2982 399 3039 he
423 3002 481 3041 was
498 2982 539 3041 in·
578 2982 659 3040 Idem
673 2982 759 3055 ‘dies'
783 2985 818 3041 ab
845 2985 1007 3061 explorator

147 3060 258 3119 formed
274 3061 309 3136 by
323 3072 429 3119 seouts.
618 3069 727 3119 certuss
741 3063 787 3122 fro.

143 3229 226 3281 ami·
301 3230 370 3359 aaa
415 3182 510 3274 ¹saus
585 3232 656 3276 sarr.
731 3234 797 3276 aaa.
862 3233 958 3284 swan.

307 3303 330 3363 ιι
