2292 3667
135 250 193 309 174
456 267 524 308 sies
544 266 583 307 os
601 250 743 307 sospes(

173 407 302 465 dacibus
321 407 470 483 respondit
485 407 576 485 'regit
604 406 700 465 “Vixi
728 416 845 465 eentum
865 417 895 464 et
914 404 1040 483 triginta

134 505 235 557 annos
256 506 311 543 neo
332 488 451 561 adeptus
477 506 541 543 sum
562 490 747 543 ‘senectdtem
775 487 889 543 beatam
917 488 1039 542 avdrum

133 567 263 622 medium
276 585 282 621 :
293 567 309 593 ’²
331 576 392 622 tum
407 566 480 623 bene
493 571 628 640 preditus
642 564 703 641 regi
718 564 850 621 discessit
865 564 899 620 ab
914 582 959 622 eo.

171 643 317 719 iosephus
337 655 432 701 eutem
451 656 561 719 patrem
582 655 610 701 et
631 644 731 700 fratres
752 663 820 700 suos
834 643 992 699 collocavit
1008 643 1040 700 in

132 725 241 797 optimi
260 734 341 797 parte
362 723 490 799 AEgypti,
505 723 605 799 eisque
625 722 753 779 omnium
774 741 870 780 rerum
887 722 1040 780 abundan-

132 801 202 859 tiam
216 802 416 877 suppedittivit.

161 978 208 1037 39.
229 977 319 1036 Jacob
332 986 456 1055 requests
470 986 498 1035 to
512 977 683 1113 mmm
693 978 725 1035 t'n
743 976 788 1035 the
808 976 894 1035 Tomb
908 975 946 1053 of
961 977 1007 1035 Itis

598 1076 649 1114 ers.

171 1154 190 1212 J
192 1156 300 1213 actibus
313 1154 383 1212 vixit
403 1165 512 1229 septem
526 1165 554 1211 et
568 1154 670 1211 decem
689 1173 779 1212 annos
791 1164 943 1230 postquam
958 1173 1039 1211 com·

131 1234 283 1311 migrdrat‘*
299 1234 329 1290 in
343 1233 509 1310 AEgyptum.

171 1313 228 1370 Ubi
241 1311 331 1369 sensit
351 1322 472 1369 mortem
491 1311 546 1368 sibi
560 1311 723 1383 imminere,
739 1314 877 1369 arcessito
891 1310 911 1368 J
912 1312 1036 1387 oseph0‚

132 1391 222 1447 dixit:
244 1391 306 1448 “Si
327 1409 373 1447 me
395 1410 482 1462 amaS,
493 1390 559 1466 jura
579 1401 608 1447 te
629 1390 657 1447 id
680 1390 822 1449 factiirum
837 1409 909 1461 esse,
926 1391 1005 1466 quod
1021 1410 1038 1447 a

131 1478 161 1527 te
180 1472 299 1544 petam,b
320 1469 433 1527 scilieet
454 1480 485 1526 ut
505 1488 542 1527 ne
562 1488 609 1525 me
629 1470 751 1544 sepelias
771 1470 801 1527 in
824 1469 962 1545 AEgypto,
984 1468 1037 1525 sed

131 1567 236 1623 corpus
256 1567 352 1605 meum
372 1548 534 1605 transferas
553 1567 590 1606 ex
609 1548 665 1605 hdo
685 1548 815 1625 regibne,
830 1557 858 1604 et
879 1548 990 1605 condas
1005 1549 1037 1605 in

131 1627 263 1702 sepulcro
277 1628 418 1704 majerum
431 1628 590 1686 medium?

170 1706 316 1781 Josephus
336 1716 452 1766 autem:
479 1705 656 1777 “Faciam,''
678 1704 782 1779 inquit,
803 1704 911 1780 “quod
937 1704 1035 1781 jubes,

152 1787 238 1842 eter.”

130 1802 149 1860 p
171 1864 271 1920 “Jura
291 1882 361 1941 ergo
380 1862 481 1936 mihi,''
498 1863 537 1922 ait
557 1861 696 1933 lactibus,
712 1868 769 1919 “te
789 1866 869 1920 certi}
892 1862 921 1919 id
943 1862 1037 1919 facti·

130 1960 194 1999 rum
209 1945 299 1999 esse.”

169 2020 188 2077 J
190 2022 315 2097 psephus
326 2021 434 2099 jurdvit
447 2022 478 2079 in
492 2021 578 2079 verba
591 2019 689 2097 patris.

207 2214 255 2272 40.
276 2212 379 2290 Joseph
387 2232 465 2290 pays
479 2213 523 2271 liis
538 2214 596 2271 last
609 2213 718 2271 Duties
731 2222 760 2271 to
773 2213 817 2271 liis
832 2212 951 2271 Fatlier.

168 2350 209 2408 Ut
221 2350 292 2407 vidit
311 2350 457 2426 Josephus
469 2348 643 2407 exstinctum
656 2361 775 2428 patrem,
790 2350 848 2408 ruit
864 2369 950 2426 super
964 2369 1033 2408 eum

130 2428 212 2499 flens,
227 2440 255 2486 et
268 2429 415 2501 osculatus
428 2437 472 2486 est
484 2448 561 2502 eum,
575 2430 705 2504 luxitque
719 2429 800 2485 illum
815 2428 873 2486 diu.

170 2506 284 2565 Deinde
304 2508 443 2584 precepit
469 2508 602 2565 medicis⁶
623 2517 656 2564 ut
682 2508 835 2565 conditent
862 2526 978 2583 corpus,
1002 2519 1033 2565 et

130 2584 192 2661 ipse
213 2604 278 2642 eum
301 2585 434 2643 fratribus
448 2586 603 2662 multisque
616 2586 761 2663 AEgyptiis
774 2596 884 2662 patrem
898 2586 1037 2662 deporte-

131 2664 170 2721 vit
185 2664 215 2721 in
230 2664 377 2740 regidnem
391 2665 540 2723 Chanaan.

169 2742 215 2799 Ibi
230 2742 315 2799 sunus
329 2744 462 2801 fecerunt
472 2762 539 2801 cum
553 2762 659 2819 magno
672 2743 801 2819 planctis,
813 2754 841 2802 et
852 2743 1033 2819 sepelierunt

130 2840 235 2895 corpus
250 2821 278 2877 in
291 2822 439 2896 speluncis,
450 2822 499 2879 ubi
512 2822 650 2898 jacebant
661 2822 844 2879 Abrahdmus
858 2833 887 2879 et
900 2821 1034 2895 Isadeus,

130 2903 294 2974 reversique
308 2912 376 2957 sunt
390 2902 419 2958 in
434 2902 600 2978 AEgyptum.

130 3006 1034 3047 -..-.-..—...-....—5.--..—-

297 3079 311 3108 a
322 3067 367 3117 253,
377 3066 405 3106 N·
566 3068 634 3109 tm.
803 3081 814 3110 a
826 3070 871 3109 ³91.
