2292 3667
147 183 204 244 146
378 203 806 244 exsecrans-awanam

520 352 573 401 see
588 354 660 400 41⁰.

326 542 330 549 .
437 499 530 558 Latin
543 500 604 558 into
616 498 754 577 English.

183 628 346 687 Ariovistus
361 630 396 687 ad
411 630 555 687 Caeshrem
569 628 681 706 legatos
693 627 790 687 mittit.

184 708 273 765 Pauci
288 709 406 766 veniunt
421 708 455 765 ad
469 712 656 777 seneotritem.
706 715 710 721 '
780 730 791 747 ·

183 786 393 863 Neoptolemus
408 787 482 863 apud
495 787 692 863 Lycomedem
705 796 767 845 erat
779 787 930 846 educeres

184 867 300 923 Atticus
314 866 440 941 sepultus
454 877 496 924 est
507 866 589 941 juxta
601 866 677 923 viam
690 866 824 942 Appiam.
948 870 960 899 ⁹

78 940 81 947 ’
184 944 272 1002 Rosae
288 945 397 1022 fulgent
411 944 483 1002 inter
497 945 566 1002 lilia

185 1023 237 1081 Est
252 1024 353 1101 ingens
366 1023 493 1100 gelidum
506 1023 591 1080 lucus
603 1042 692 1099 prope
708 1042 830 1082 amnem.

184 1102 236 1159 Vir
251 1103 343 1159 bonus
353 1102 485 1160 virtutem
499 1120 549 1178 per
563 1121 595 1160 se
609 1113 693 1160 amat.

185 1182 281 1239 Caesar
294 1180 472 1238 Divitiacum
487 1181 522 1237 ad
537 1199 568 1238 se
582 1181 679 1238 vocari
690 1181 780 1257 jubet.

103 1280 105 1287 ·
185 1259 278 1334 Prope
291 1258 435 1317 calendas
448 1260 571 1317 Sextiles
585 1259 729 1335 puto’me‘
744 1260 898 1318 Laodiceae
909 1259 996 1318 lore.⁸

184 1338 368 1438 Democritus
389 1356 504 1395 oausam
531 1338 664 1415 explieat,
686 1358 738 1395 our
759 1349 825 1396 ante
849 1339 946 1397 luoem
973 1340 1045 1417 galli

146 1427 258 1474 canant.

185 1495 420 1591 Vergasillaunus
434 1506 498 1571 post
511 1506 638 1553 montem
652 1515 683 1553 se
697 1496 862 1554 oooulo'ivit.

184 1574 264 1631 Pone
279 1586 391 1632 montes
404 1575 542 1651 Rhipaeos
563 1594 634 1652 gens
652 1574 731 1653 degit
745 1575 822 1647 felix,
844 1594 916 1651 quos
930 1576 1045 1653 Hyper·

146 1654 250 1712 boreos
264 1652 466 1729 appellavere!l

184 1732 322 1789 Amicitia
336 1744 378 1789 est
391 1751 442 1808 per
456 1751 487 1790 se
500 1742 529 1791 et
541 1743 657 1808 propter
670 1751 702 1789 se
715 1733 894 1809 expetenda·

435 1919 564 1996 English
578 1920 638 1977 into
652 1920 753 1979 Latia.

144 2050 233 2108 Thou
247 2051 320 2109 shalt
334 2071 386 2128 sup
401 2051 468 2107 wilh
483 2069 536 2109 me.
612 2049 661 2108 Tu
677 2050 751 2125 apud
765 2069 820 2127 ego
833 2070 925 2109 ooeno.

144 2130 211 2189 The
239 2130 404 2188 Helvetians
424 2129 494 2187 send
516 2148 584 2193 am·‚
614 2128 739 2186 llelvetii
758 2129 870 2206 legatus
885 2131 919 2188 ad
941 2131 966 2189 is
979 2132 1046 2189 mit·

184 2210 332 2266 bassadors
346 2220 375 2266 to
390 2209 457 2267 him.
562 2263 566 2269 ,
653 2219 691 2266 to.

145 2286 284 2345 Lentulus
296 2288 349 2344 had
366 2286 493 2345 watched
506 2306 573 2344 oon·
613 2285 754 2344 Lenthlus
785 2300 888 2362 praeter
923 2307 1044 2349 consuo·

183 2379 258 2443 trary
273 2379 303 2424 to
317 2365 389 2446 (his)
405 2378 524 2423 oustom.
616 2404 620 2410 -
652 2365 831 2442 thdovigllo.

48 2474 50 2479 ·
144 2444 211 2503 The
235 2446 315 2503 earth
342 2456 422 2503 turns
450 2443 530 2501 itself
546 2464 572 2501 a·
612 2442 706 2501 Terra
716 2444 826 2502 circum
841 2446 901 2503 axis
911 2446 955 2504 sui
967 2467 1044 2504 um·

183 2526 275 2581 round
285 2523 349 2604 (its)
361 2524 420 2582 axis
429 2523 496 2581 with
505 2541 571 2599 very
650 2542 714 2580 mus
727 2524 859 2582 celeritas
874 2542 1021 2584 converto.

183 2614 263 2679 great
276 2603 407 2679 velooity.

144 2680 233 2756 Many
256 2701 272 2738 a
298 2682 396 2739 viotim
423 2680 494 2739 shall
522 2679 570 2738 l'all
612 2678 722 2737 Multus
745 2687 791 2737 tus
811 2693 877 2739 ante
898 2701 947 2740 ara
968 2682 1043 2741 cado

184 2760 281 2816 besore
295 2760 344 2836 thy
359 2760 436 2818 altar.
651 2758 765 2817 hostia!

144 2837 176 2894 If
184 2838 220 2895 he
235 2838 259 2894 is
274 2838 360 2895 about
380 2838 429 2896 the
448 2838 569 2910 multet,
611 2836 643 2893 Si
665 2837 740 2913 apud
764 2838 857 2896 forum
877 2858 952 2911 sum,
973 2859 1043 2898 oon·

183 2916 196 2973 l
212 2916 282 2973 shall
297 2927 371 2975 meet
386 2915 482 2996 (him).
649 2916 742 2975 verrio.

143 2994 210 3052 The
221 2994 355 3051 Tuscans
366 3004 429 3051 sent
443 2995 570 3053 oolonies
610 2993 728 3052 Tuscus
754 3006 833 3053 trans
866 2996 1056 3072 Apenninus¹

183 3074 296 3149 beyond
310 3074 358 3131 the
372 3074 549 3149 Apennines.
651 3074 765 3131 colonia
779 3075 869 3133 mitto.

161 3242 241 3309 aare.¹
261 3242 336 3295 ιιιιι.
359 3242 496 3283 ιιιιιιιιι.
526 3241 731 3291 asuppayamm.
763 3239 824 3281 assa
839 3227 915 3286 'sare
939 3233 1020 3289 μή.
