2292 3667
349 719 566 779 monto
597 720 808 780 Lussons.

432 966 717 979 ψ

278 1159 382 1218 ΤΗΕ
415 1159 533 1218 LIFE
566 1158 628 1219 01²
662 1158 872 1219 JOSEPH.

374 1359 400 1417 1.
420 1358 548 1436 Josept’s
565 1358 731 1418 ottldtood.

164 1498 292 1556 Jaoobus
318 1497 420 1556 habuit
452 1498 609 1557 duodecim
642 1498 726 1571 filios,
761 1498 835 1557 inter
863 1518 935 1574 quos
963 1509 1028 1557 erat
1134 1566 1135 1575 χ

124 1577 281 1653 kaiaphas,
302 1596 388 1652 quem
407 1587 488 1654 pater
502 1577 643 1655 diligebat
654 1597 712 1654 prae
733 1578 840 1635 octbris
853 1578 929 1650 filiis,
948 1577 1028 1653 qubd

124 1656 174 1714 bio
201 1667 285 1714 natus
309 1667 370 1714 erat
391 1655 459 1732 ipsi·
481 1656 512 1714 in
532 1657 594 1734 ejus
614 1662 773 1729 senectute,
794 1667 823 1715 et
850 1657 918 1715 huic
945 1658 1026 1715 dedit

124 1748 221 1812 togam
235 1735 446 1793 versicolorem.

163 1815 263 1876 Quam
283 1815 322 1871 ob
341 1833 458 1871 oausam
478 1812 624 1890 Josephus
645 1822 706 1872 erat
726 1814 835 1874 invisus
855 1814 915 1889 :uie
936 1815 1027 1873 iratri-

124 1892 201 1964 bus,⁶
214 1893 373 1968 praesertim
385 1903 537 1969 poetquam
551 1893 676 1951 narravit
697 1892 738 1951 eis
752 1893 856 1970 duplex
870 1895 1026 1967 somnium,

125 1972 194 2047 quo‘
209 1972 306 2031 futura
318 1972 381 2048 ejus
393 1972 564 2049 magnitudo
576 1972 809 2049 portendebatur.

163 2050 310 2109 odorante
331 2051 413 2108 illum
433 2054 595 2128 tantopore,
615 2061 726 2109 utnon
752 2051 881 2128 possent‘
904 2071 970 2109 curn
989 2070 1026 2110 eo

125 2129 219 2189 amice
233 2129 321 2206 loqui.

410 2287 438 2346 2.
458 2287 588 2366 Iosepb's
602 2288 735 2347 Dreams.

165 2420 240 2480 Haeo
261 2441 349 2499 porro
372 2432 454 2481 erant
476 2420 599 2499 Josophi
625 2422 744 2482 somnia
787 2430 806 2459 “
819 2423 1024 2501 Ligabamus,”

126 2501 229 2577 inquit,
261 2509 280 2536 “
289 2502 374 2559 simul
406 2502 568 2579 manipulos
592 2501 622 2561 in
648 2522 735 2581 agro:
768 2522 839 2561 eece
863 2503 1026 2579 maniprilus

125 2599 207 2639 meus
227 2582 363 2657 surgebat
377 2591 406 2640 et
427 2582 520 2639 stabat
535 2592 648 2652 rectus3
670 2582 755 2640 vestri
777 2594 871 2640 autem
886 2583 1025 2658 manipuli

67 2661 71 2667 '
125 2659 345 2718 circumstantes
358 2661 567 2719 venerabantur
581 2679 685 2719 meum.

164 2738 300 2796 “Postea
322 2739 381 2796 vidi
404 2740 435 2797 in
458 2738 567 2797 somnis
587 2739 687 2813 solem,
706 2739 814 2813 lunam,
836 2750 865 2799 et
885 2740 1025 2799 undecim

124 2817 221 2877 stellas
236 2817 387 2875 adorantes
400 2818 491 2875 me.'’s

164 2896 221 2954 Cui
236 2896 336 2953 fratres
363 2896 584 2972 responderunt,
609 2895 788 2958 “Quorsum
815 2908 946 2973 spectant
970 2898 1026 2957 ista

124 2974 258 3032 somniat
289 2973 368 3032 Nurn
392 2984 424 3031 tu
447 2975 505 3033 eris
524 2994 576 3034 rex
588 2978 705 3034 noster?
735 2976 815 3034 Num
835 2977 1025 3055 subjiciemur

124 3052 244 3111 ditioni¹
258 3054 335 3111 tuaei
346 3054 363 3080 ''

610 3219 678 3259 0452.
876 3220 942 3273 3³9³

612 3268 753 3317 Ι48οἅ399.
