2292 3667
146 174 202 235 156
366 196 814 237 sxuaclsus.·.-suuauucmvs.

476 345 532 393 fles
545 344 703 393 doz-4³12·

430 491 524 551 Latin
536 492 597 549 into
611 466 749 569 English.

178 621 248 680 Non
262 641 326 680 sum
340 622 381 680 ita
392 621 480 680 hebes
494 632 525 679 ut
539 621 614 680 istuo
627 622 749 680 dieam.'¹⁸

179 702 394 777 Epaminondas
414 700 593 776 eloquentis?
607 700 741 777 perfecit,
755 709 787 758 ut
802 700 922 759 auxilio
944 700 1037 759 socio·

140 799 203 837 rum
218 780 430 839 Laoedaemonii
443 781 630 856 privarentur.

179 859 270 917 Pavor
284 870 354 933 etat,
369 878 406 917 ne
420 870 514 917 eastra
527 858 617 915 hostis
632 859 844 935 aggrederetur.

179 939 288 1016 Adjnta
301 958 357 1011 me,
371 936 473 1015 qudid
484 934 533 995 fiat
546 937 668 995 facilius.

178 1017 260 1075 Nihil
275 1029 330 1090 est,
344 1018 413 1093 quin
427 1016 502 1073 male
516 1016 659 1073 narrando
668 1015 759 1091 possit
773 1014 928 1092 depravari.

178 1097 292 1154 Avertit
305 1115 403 1171 equos,
417 1095 583 1171 priusquam
596 1095 701 1170 pabida
713 1094 887 1171 gustassent‘
901 1094 1011 1171 Trojae.

178 1174 276 1252 Negat
288 1194 320 1233 se
329 1175 415 1246 seire,
429 1173 497 1231 edm
510 1184 606 1231 tamen
621 1173 696 1230 haud
711 1173 841 1249 ignoret⁶

179 1253 342 1326 Zenonem,
351 1271 440 1329 quum
448 1252 574 1310 Athenis
585 1271 687 1323 essem,
697 1252 850 1309 audiebam
864 1250 1038 1326 frequenter.

179 1332 276 1389 Caesar
290 1333 450 1407 equitatum
464 1349 580 1388 omnem
589 1330 747 1407 praemittit,
762 1329 1039 1406 quitvideantequas

140 1410 170 1467 in
183 1422 277 1485 partes
288 1410 341 1468 iter
355 1410 480 1469 faciant?

179 1489 279 1562 Erant,
293 1490 397 1565 quibus
412 1485 699 1565 appetentior'famaet
712 1486 883 1548 videretur.'’¹

179 1567 320 1626 Caninius
331 1568 384 1626 fuit
401 1567 483 1625 miris
484 1568 533 1624 iod
546 1564 717 1643 vigilantia}
730 1566 780 1641 qui
793 1584 845 1623 suo
859 1576 920 1641 toto
935 1584 1039 1635 oonsu-

141 1646 215 1704 tutus
227 1667 359 1705 somnum
373 1666 432 1704 non
445 1646 557 1703 viderit.

179 1725 275 1804 Negat
283 1726 344 1803 jus'
355 1745 429 1799 esse,
438 1726 487 1801 qui
497 1724 580 1782 miles
588 1743 646 1781 non
657 1722 704 1796 sit,
713 1730 857 1801 pugnaret
868 1742 935 1780 oum
946 1724 1038 1781 hoste.

427 1914 557 1991 English
570 1914 631 1973 into
644 1914 746 1973 Latin.

140 2044 215 2102 How
238 2045 308 2103 does
332 2045 354 2103 it
374 2046 486 2122 happen
506 2045 568 2103 that
606 2045 670 2107 Qut
682 2045 730 2118 fio,
742 2055 774 2103 ut
784 2062 870 2103 nemo
883 2054 1040 2103 contentus

178 2144 216 2181 no
230 2144 285 2182 one
305 2125 376 2182 lives
390 2125 566 2183 eontentedt
647 2125 733 2181 vivot

140 2202 187 2259 He
216 2204 383 2261 commanda
402 2203 580 2289 Volusenusx
608 2203 784 2262 Volusenus*
811 2201 917 2259 mando
941 2212 974 2260 ut
1003 2204 1039 2261 ad

177 2291 208 2338 to
221 2293 319 2339 retum
333 2293 363 2339 to
377 2282 444 2339 him.
646 2282 691 2339 sui
712 2293 846 2339 revertor.

139 2359 225 2418 'Pake
239 2380 305 2419 aare
318 2363 380 2419 that
395 2360 517 2439 nothing
530 2361 567 2419 be
607 2361 687 2417 Curo
701 2380 739 2418 ne
750 2362 813 2436 quis
827 2360 852 2417 is
867 2358 977 2429 desum.

178 2440 304 2519 wanting
316 2450 347 2497 to
361 2440 429 2497 him.

140 2516 228 2575 What
248 2520 285 2576 do
305 2538 361 2596 you
381 2518 452 2575 wish
469 2518 531 2575 that
550 2516 566 2575 I
606 2516 684 2579 Quis
694 2518 759 2575 volo
774 2518 871 2577 facio?

178 2596 281 2654 should
295 2598 352 2656 dot

139 2673 229 2750 Many
243 2676 340 2753 things
353 2696 401 2735 are
414 2676 450 2733 of
463 2675 567 2733 sueha
606 2674 717 2733 Multus
735 2695 781 2734 res
800 2695 864 2735 sum
884 2675 1038 2754 ejusmodi,

179 2753 250 2810 kind
273 2754 334 2812 that
360 2775 400 2812 no
431 2774 487 2813 one
510 2774 566 2812 can
645 2755 694 2829 qui
719 2759 811 2813 exitus
834 2774 920 2813 nemo
943 2755 1039 2831 provi·

179 2832 287 2891 soresee
300 2833 374 2891 their
385 2833 469 2893 issue.
647 2835 702 2891 deo
715 2854 840 2910 possum.

139 2909 169 2969 Is
196 2912 275 2969 there
299 2931 353 2988 any
371 2932 427 2971 one
453 2913 518 2971 who
541 2913 567 2970 is
606 2912 656 2969 An
696 2932 759 2972 sum
790 2914 950 2989 quisquam,
986 2913 1036 2987 qui

179 2990 311 3067 ignorant
325 2991 361 3048 of
368 2992 444 3050 thist
646 2990 704 3049 hiat
720 2992 845 3069 ignoro?

162 3138 227 3177 atto.
382 3140 447 3179 0375.
632 3142 695 3181 6391.
753 3142 824 3182 mola.

163 3186 333 3278 iffi’uasia
377 3190 448 3276 fiii
628 3192 695 3279 iffi
752 3192 1034 3282 ”iii”id⁶⁰¹⁸⁸'³⁰⁸⁰⁰'⁵⁹⁰'

162 3264 254 3323 estest
381 3251 448 3328 isael
459 3287 594 3338 sippiysm
632 3242 707 3330 1⁵04}
752 3254 764 3281 ⁰
816 3268 823 3281 '
