<?xml version="1.0" encoding="UTF-8"?>
<!DOCTYPE html PUBLIC "-//W3C//DTD XHTML 1.0 Transitional//EN"
    "http://www.w3.org/TR/xhtml1/DTD/xhtml1-transitional.dtd">
<html xmlns="http://www.w3.org/1999/xhtml" xml:lang="en" lang="en">
 <head>
  <title>
</title>
<meta http-equiv="Content-Type" content="text/html;charset=utf-8" />
  <meta name='ocr-system' content='tesseract 3.04.00' />
  <meta name='ocr-capabilities' content='ocr_page ocr_carea ocr_par ocr_line ocrx_word'/>
</head>
<body>
  <div class='ocr_page' id='page_1' title='image "./firstlessonsinl00stodgoog_0157.png"; bbox 0 0 2292 3667; ppageno 0'>
   <div class='ocr_carea' id='block_1_1' title="bbox 147 231 786 449">
    <p class='ocr_par' dir='ltr' id='par_1_1' title="bbox 147 231 786 449">
     <span class='ocr_line' id='line_1_1' title="bbox 147 231 786 306; baseline -0.002 -15"><span class='ocrx_word' id='word_1_1' title='bbox 147 231 205 291; x_wconf 78' lang='lat'><strong>154</strong></span> <span class='ocrx_word' id='word_1_2' title='bbox 392 250 568 306; x_wconf 72' lang='lat' dir='ltr'><strong>unccione.</strong></span> <span class='ocrx_word' id='word_1_3' title='bbox 579 249 786 290; x_wconf 74' lang='lat' dir='ltr'><strong>—nnnorrrn</strong></span> 
     </span>
     <span class='ocr_line' id='line_1_2' title="bbox 415 397 772 449; baseline -0.003 -3"><span class='ocrx_word' id='word_1_4' title='bbox 415 399 471 449; x_wconf 76' lang='lat' dir='ltr'><strong>seo</strong></span> <span class='ocrx_word' id='word_1_5' title='bbox 486 399 640 447; x_wconf 68' lang='lat' dir='ltr'><strong>ulum</strong></span> <span class='ocrx_word' id='word_1_6' title='bbox 655 397 685 446; x_wconf 66' lang='grc' dir='ltr'><strong><em>ἁ</em></strong></span> <span class='ocrx_word' id='word_1_7' title='bbox 700 398 772 446; x_wconf 69' lang='grc'><strong>446.</strong></span> 
     </span>
    </p>
   </div>
   <div class='ocr_carea' id='block_1_2' title="bbox 372 544 750 621">
    <p class='ocr_par' dir='ltr' id='par_1_2' title="bbox 372 544 750 621">
     <span class='ocr_line' id='line_1_3' title="bbox 372 544 750 621; baseline 0.008 -20"><span class='ocrx_word' id='word_1_8' title='bbox 372 596 376 601; x_wconf 91' lang='grc'><em>.</em></span> <span class='ocrx_word' id='word_1_9' title='bbox 425 546 520 605; x_wconf 73' lang='lat' dir='ltr'><strong>Latin</strong></span> <span class='ocrx_word' id='word_1_10' title='bbox 539 546 600 603; x_wconf 81' lang='lat' dir='ltr'><strong>into</strong></span> <span class='ocrx_word' id='word_1_11' title='bbox 613 544 750 621; x_wconf 74' lang='lat' dir='ltr'><strong>English.</strong></span> 
     </span>
    </p>
   </div>
   <div class='ocr_carea' id='block_1_3' title="bbox 179 673 996 1779">
    <p class='ocr_par' dir='ltr' id='par_1_3' title="bbox 182 673 923 831">
     <span class='ocr_line' id='line_1_4' title="bbox 182 673 923 736; baseline -0.003 -2"><span class='ocrx_word' id='word_1_12' title='bbox 182 675 308 736; x_wconf 77' lang='lat' dir='ltr'><strong>Athenis</strong></span> <span class='ocrx_word' id='word_1_13' title='bbox 320 687 349 734; x_wconf 92' lang='lat' dir='ltr'><strong>et</strong></span> <span class='ocrx_word' id='word_1_14' title='bbox 363 676 572 734; x_wconf 74' lang='lat' dir='ltr'><strong>Lacedaemhne</strong></span> <span class='ocrx_word' id='word_1_15' title='bbox 586 674 725 733; x_wconf 69' lang='lat' dir='ltr'><strong>nunciita</strong></span> <span class='ocrx_word' id='word_1_16' title='bbox 738 684 781 733; x_wconf 83' lang='lat' dir='ltr'><strong>est</strong></span> <span class='ocrx_word' id='word_1_17' title='bbox 794 673 923 733; x_wconf 73' lang='lat' dir='ltr'><strong>victoria.</strong></span> 
     </span>
     <span class='ocr_line' id='line_1_5' title="bbox 182 755 717 831; baseline 0 -20"><span class='ocrx_word' id='word_1_18' title='bbox 182 755 346 813; x_wconf 79' lang='lat' dir='ltr'>Alexander</span> <span class='ocrx_word' id='word_1_19' title='bbox 361 755 509 831; x_wconf 78' lang='lat' dir='ltr'><strong>Babylone</strong></span> <span class='ocrx_word' id='word_1_20' title='bbox 524 763 653 812; x_wconf 81' lang='lat' dir='ltr'><strong>mortuus</strong></span> <span class='ocrx_word' id='word_1_21' title='bbox 666 764 717 811; x_wconf 89' lang='lat' dir='ltr'><strong>est.</strong></span> 
     </span>
    </p>

    <p class='ocr_par' dir='ltr' id='par_1_4' title="bbox 182 833 642 911">
     <span class='ocr_line' id='line_1_6' title="bbox 182 833 642 911; baseline -0.002 -20"><span class='ocrx_word' id='word_1_22' title='bbox 182 834 283 892; x_wconf 82' lang='lat' dir='ltr'><strong>Cumis</strong></span> <span class='ocrx_word' id='word_1_23' title='bbox 296 835 393 892; x_wconf 81' lang='lat' dir='ltr'><strong>sedem</strong></span> <span class='ocrx_word' id='word_1_24' title='bbox 407 833 497 911; x_wconf 72' lang='lat' dir='ltr'><strong>figere</strong></span> <span class='ocrx_word' id='word_1_25' title='bbox 510 833 642 890; x_wconf 80' lang='lat' dir='ltr'><strong>destinat.</strong></span> 
     </span>
    </p>

    <p class='ocr_par' dir='ltr' id='par_1_5' title="bbox 182 909 996 1067">
     <span class='ocr_line' id='line_1_7' title="bbox 182 909 996 989; baseline -0.001 -20"><span class='ocrx_word' id='word_1_26' title='bbox 182 911 326 971; x_wconf 72' lang='lat' dir='ltr'><strong>Leonidas</strong></span> <span class='ocrx_word' id='word_1_27' title='bbox 339 932 405 970; x_wconf 89' lang='lat' dir='ltr'><strong>curn</strong></span> <span class='ocrx_word' id='word_1_28' title='bbox 420 912 511 988; x_wconf 86' lang='lat' dir='ltr'><strong>copiis</strong></span> <span class='ocrx_word' id='word_1_29' title='bbox 525 911 645 969; x_wconf 86' lang='lat' dir='ltr'><strong>delectis</strong></span> <span class='ocrx_word' id='word_1_30' title='bbox 658 910 864 989; x_wconf 68' lang='lat' dir='ltr'><strong>Thermopylis</strong></span> <span class='ocrx_word' id='word_1_31' title='bbox 879 909 996 969; x_wconf 88' lang='lat' dir='ltr'><strong>interiit.</strong></span> 
     </span>
     <span class='ocr_line' id='line_1_8' title="bbox 182 990 813 1067; baseline -0.003 -19"><span class='ocrx_word' id='word_1_32' title='bbox 182 990 339 1067; x_wconf 84' lang='lat' dir='ltr'><strong>Dionysius</strong></span> <span class='ocrx_word' id='word_1_33' title='bbox 352 991 503 1049; x_wconf 80' lang='lat' dir='ltr'><strong>Platonem</strong></span> <span class='ocrx_word' id='word_1_34' title='bbox 517 990 643 1048; x_wconf 77' lang='lat' dir='ltr'><strong>Athenis</strong></span> <span class='ocrx_word' id='word_1_35' title='bbox 659 990 813 1048; x_wconf 83' lang='lat' dir='ltr'><strong>arcessirit.</strong></span> 
     </span>
    </p>

    <p class='ocr_par' dir='ltr' id='par_1_6' title="bbox 183 1068 669 1145">
     <span class='ocr_line' id='line_1_9' title="bbox 183 1068 669 1145; baseline 0.002 -20"><span class='ocrx_word' id='word_1_36' title='bbox 183 1068 290 1127; x_wconf 85' lang='lat' dir='ltr'><strong>Multos</strong></span> <span class='ocrx_word' id='word_1_37' title='bbox 303 1070 437 1145; x_wconf 72' lang='lat' dir='ltr'><strong>epistolas</strong></span> <span class='ocrx_word' id='word_1_38' title='bbox 447 1069 544 1126; x_wconf 75' lang='lat' dir='ltr'><strong>Romo</strong></span> <span class='ocrx_word' id='word_1_39' title='bbox 559 1068 669 1145; x_wconf 77' lang='lat' dir='ltr'><strong>accepi.</strong></span> 
     </span>
    </p>

    <p class='ocr_par' dir='ltr' id='par_1_7' title="bbox 181 1145 827 1225">
     <span class='ocr_line' id='line_1_10' title="bbox 181 1145 827 1225; baseline -0.002 -21"><span class='ocrx_word' id='word_1_40' title='bbox 181 1147 265 1205; x_wconf 93' lang='lat' dir='ltr'><strong>Philo</strong></span> <span class='ocrx_word' id='word_1_41' title='bbox 279 1148 364 1205; x_wconf 89' lang='lat' dir='ltr'><strong>domo</strong></span> <span class='ocrx_word' id='word_1_42' title='bbox 377 1148 514 1225; x_wconf 80' lang='lat' dir='ltr'><strong>prolirgit,</strong></span> <span class='ocrx_word' id='word_1_43' title='bbox 529 1147 726 1223; x_wconf 68' lang='lat' dir='ltr'><strong>Romamque¹</strong></span> <span class='ocrx_word' id='word_1_44' title='bbox 741 1145 827 1205; x_wconf 85' lang='lat' dir='ltr'><strong>venit.</strong></span> 
     </span>
    </p>

    <p class='ocr_par' dir='ltr' id='par_1_8' title="bbox 181 1226 649 1285">
     <span class='ocr_line' id='line_1_11' title="bbox 181 1226 649 1285; baseline -0.002 -1"><span class='ocrx_word' id='word_1_45' title='bbox 181 1226 269 1284; x_wconf 74' lang='lat' dir='ltr'><strong>Forte</strong></span> <span class='ocrx_word' id='word_1_46' title='bbox 284 1227 380 1284; x_wconf 82' lang='lat' dir='ltr'><strong>evenit</strong></span> <span class='ocrx_word' id='word_1_47' title='bbox 394 1238 425 1283; x_wconf 90' lang='lat' dir='ltr'><strong>ut</strong></span> <span class='ocrx_word' id='word_1_48' title='bbox 438 1227 496 1283; x_wconf 91' lang='lat' dir='ltr'><strong>ruri</strong></span> <span class='ocrx_word' id='word_1_49' title='bbox 511 1231 649 1285; x_wconf 77' lang='lat' dir='ltr'><strong>essemus.</strong></span> 
     </span>
    </p>

    <p class='ocr_par' dir='ltr' id='par_1_9' title="bbox 181 1303 763 1381">
     <span class='ocr_line' id='line_1_12' title="bbox 181 1303 763 1381; baseline 0.002 -20"><span class='ocrx_word' id='word_1_50' title='bbox 181 1304 285 1362; x_wconf 86' lang='lat' dir='ltr'><strong>Omnis</strong></span> <span class='ocrx_word' id='word_1_51' title='bbox 299 1306 386 1361; x_wconf 89' lang='lat' dir='ltr'><strong>humo</strong></span> <span class='ocrx_word' id='word_1_52' title='bbox 401 1304 489 1361; x_wconf 83' lang='lat' dir='ltr'><strong>lurnat</strong></span> <span class='ocrx_word' id='word_1_53' title='bbox 503 1303 652 1381; x_wconf 81' lang='lat' dir='ltr'><strong>Neptunia</strong></span> <span class='ocrx_word' id='word_1_54' title='bbox 664 1303 763 1381; x_wconf 83' lang='lat' dir='ltr'><strong>Trojn.</strong></span> 
     </span>
    </p>

    <p class='ocr_par' dir='ltr' id='par_1_10' title="bbox 182 1383 571 1459">
     <span class='ocr_line' id='line_1_13' title="bbox 182 1383 571 1459; baseline 0 -19"><span class='ocrx_word' id='word_1_55' title='bbox 182 1383 285 1440; x_wconf 73' lang='lat' dir='ltr'><strong>Sidere</strong></span> <span class='ocrx_word' id='word_1_56' title='bbox 298 1383 443 1459; x_wconf 83' lang='lat' dir='ltr'><strong>pulchrior</strong></span> <span class='ocrx_word' id='word_1_57' title='bbox 459 1383 506 1441; x_wconf 90' lang='lat' dir='ltr'><strong>ille</strong></span> <span class='ocrx_word' id='word_1_58' title='bbox 519 1394 571 1441; x_wconf 83' lang='lat' dir='ltr'><strong>est</strong></span> 
     </span>
    </p>

    <p class='ocr_par' dir='ltr' id='par_1_11' title="bbox 179 1461 957 1617">
     <span class='ocr_line' id='line_1_14' title="bbox 179 1461 957 1539; baseline -0.003 -17"><span class='ocrx_word' id='word_1_59' title='bbox 179 1461 262 1522; x_wconf 80' lang='lat' dir='ltr'><strong>Quid</strong></span> <span class='ocrx_word' id='word_1_60' title='bbox 277 1462 367 1539; x_wconf 77' lang='lat' dir='ltr'><strong>magis</strong></span> <span class='ocrx_word' id='word_1_61' title='bbox 380 1473 424 1519; x_wconf 87' lang='lat' dir='ltr'><strong>est</strong></span> <span class='ocrx_word' id='word_1_62' title='bbox 437 1461 538 1519; x_wconf 88' lang='lat' dir='ltr'><strong>durum</strong></span> <span class='ocrx_word' id='word_1_63' title='bbox 553 1480 633 1534; x_wconf 82' lang='lat' dir='ltr'><strong>sano,</strong></span> <span class='ocrx_word' id='word_1_64' title='bbox 647 1461 716 1537; x_wconf 87' lang='lat' dir='ltr'><strong>quid</strong></span> <span class='ocrx_word' id='word_1_65' title='bbox 730 1461 845 1520; x_wconf 81' lang='lat' dir='ltr'><strong>mollins</strong></span> <span class='ocrx_word' id='word_1_66' title='bbox 858 1461 957 1521; x_wconf 70' lang='lat' dir='ltr'><strong>undhl</strong></span> 
     </span>
     <span class='ocr_line' id='line_1_15' title="bbox 180 1538 745 1617; baseline 0.004 -21"><span class='ocrx_word' id='word_1_67' title='bbox 180 1538 209 1596; x_wconf 93' lang='grc' dir='ltr'><strong>Ο</strong></span> <span class='ocrx_word' id='word_1_68' title='bbox 223 1540 287 1599; x_wconf 84' lang='lat' dir='ltr'><strong>sons</strong></span> <span class='ocrx_word' id='word_1_69' title='bbox 301 1539 453 1599; x_wconf 82' lang='lat' dir='ltr'><strong>Bandusiae</strong></span> <span class='ocrx_word' id='word_1_70' title='bbox 466 1540 644 1617; x_wconf 82' lang='lat' dir='ltr'><strong>splendidior</strong></span> <span class='ocrx_word' id='word_1_71' title='bbox 656 1540 745 1599; x_wconf 84' lang='lat' dir='ltr'><strong>vitro!</strong></span> 
     </span>
    </p>

    <p class='ocr_par' dir='ltr' id='par_1_12' title="bbox 179 1618 761 1696">
     <span class='ocr_line' id='line_1_16' title="bbox 179 1618 761 1696; baseline -0.005 -16"><span class='ocrx_word' id='word_1_72' title='bbox 179 1618 251 1680; x_wconf 82' lang='lat' dir='ltr'><strong>Quo</strong></span> <span class='ocrx_word' id='word_1_73' title='bbox 265 1619 329 1694; x_wconf 89' lang='lat' dir='ltr'><strong>quis</strong></span> <span class='ocrx_word' id='word_1_74' title='bbox 342 1620 496 1691; x_wconf 84' lang='lat' dir='ltr'>indoctior,</span> <span class='ocrx_word' id='word_1_75' title='bbox 510 1638 546 1677; x_wconf 90' lang='lat' dir='ltr'><strong>eo</strong></span> <span class='ocrx_word' id='word_1_76' title='bbox 560 1619 761 1696; x_wconf 88' lang='lat' dir='ltr'><strong>impudentior.</strong></span> 
     </span>
    </p>

    <p class='ocr_par' dir='ltr' id='par_1_13' title="bbox 179 1697 725 1779">
     <span class='ocr_line' id='line_1_17' title="bbox 179 1697 725 1779; baseline 0.002 -25"><span class='ocrx_word' id='word_1_77' title='bbox 179 1698 251 1761; x_wconf 77' lang='lat' dir='ltr'><strong>Quo</strong></span> <span class='ocrx_word' id='word_1_78' title='bbox 262 1698 327 1775; x_wconf 81' lang='lat' dir='ltr'><strong>plus</strong></span> <span class='ocrx_word' id='word_1_79' title='bbox 340 1698 456 1772; x_wconf 85' lang='lat' dir='ltr'><strong>habent,</strong></span> <span class='ocrx_word' id='word_1_80' title='bbox 470 1716 505 1756; x_wconf 91' lang='lat' dir='ltr'><strong>eo</strong></span> <span class='ocrx_word' id='word_1_81' title='bbox 517 1697 583 1776; x_wconf 82' lang='lat' dir='ltr'><strong>plus</strong></span> <span class='ocrx_word' id='word_1_82' title='bbox 597 1698 725 1779; x_wconf 73' lang='lat' dir='ltr'><strong>cupiunt</strong></span> 
     </span>
    </p>
   </div>
   <div class='ocr_carea' id='block_1_4' title="bbox 424 1885 749 1961">
    <p class='ocr_par' dir='ltr' id='par_1_14' title="bbox 424 1885 749 1961">
     <span class='ocr_line' id='line_1_18' title="bbox 424 1885 749 1961; baseline 0.003 -18"><span class='ocrx_word' id='word_1_83' title='bbox 424 1885 553 1961; x_wconf 69' lang='lat' dir='ltr'><strong>English</strong></span> <span class='ocrx_word' id='word_1_84' title='bbox 572 1885 634 1944; x_wconf 73' lang='lat' dir='ltr'><strong>neo</strong></span> <span class='ocrx_word' id='word_1_85' title='bbox 647 1886 749 1946; x_wconf 66' lang='lat' dir='ltr'><strong>rasin.</strong></span> 
     </span>
    </p>
   </div>
   <div class='ocr_carea' id='block_1_5' title="bbox 140 2006 1143 2090">
    <p class='ocr_par' dir='ltr' id='par_1_15' title="bbox 140 2006 1143 2090">
     <span class='ocr_line' id='line_1_19' title="bbox 140 2006 1143 2090; baseline -0.002 -13"><span class='ocrx_word' id='word_1_86' title='bbox 140 2017 267 2090; x_wconf 83' lang='lat' dir='ltr'><strong>Atticus,</strong></span> <span class='ocrx_word' id='word_1_87' title='bbox 278 2017 328 2076; x_wconf 86' lang='lat' dir='ltr'><strong>the</strong></span> <span class='ocrx_word' id='word_1_88' title='bbox 338 2016 431 2075; x_wconf 80' lang='lat' dir='ltr'><strong>friend</strong></span> <span class='ocrx_word' id='word_1_89' title='bbox 442 2017 477 2074; x_wconf 87' lang='lat' dir='ltr'><strong>of</strong></span> <span class='ocrx_word' id='word_1_90' title='bbox 485 2017 570 2077; x_wconf 86' lang='lat' dir='ltr'><strong>Cice-</strong></span> <span class='ocrx_word' id='word_1_91' title='bbox 609 2018 726 2076; x_wconf 80' lang='lat' dir='ltr'><strong>Atticus</strong></span> <span class='ocrx_word' id='word_1_92' title='bbox 742 2017 850 2076; x_wconf 67' lang='lat' dir='ltr'><strong>Cicero</strong></span> <span class='ocrx_word' id='word_1_93' title='bbox 864 2021 975 2076; x_wconf 73' lang='lat' dir='ltr'><strong>amicus</strong></span> <span class='ocrx_word' id='word_1_94' title='bbox 989 2006 1041 2077; x_wconf 79' lang='lat' dir='ltr'><strong>dio</strong></span> <span class='ocrx_word' id='word_1_95' title='bbox 1142 2040 1143 2066; x_wconf 64' lang='lat' dir='ltr'><strong>i</strong></span> 
     </span>
    </p>
   </div>
   <div class='ocr_carea' id='block_1_6' title="bbox 179 2096 859 2235">
    <p class='ocr_par' dir='ltr' id='par_1_16' title="bbox 179 2096 859 2235">
     <span class='ocr_line' id='line_1_20' title="bbox 179 2096 859 2233; baseline 0.003 -80"><span class='ocrx_word' id='word_1_96' title='bbox 179 2096 312 2233; x_wconf 58' lang='lat' dir='ltr'><strong>X&#39;t&#39;hlived</strong></span> <span class='ocrx_word' id='word_1_97' title='bbox 333 2096 438 2175; x_wconf 82' lang='lat' dir='ltr'><strong>along</strong></span> <span class='ocrx_word' id='word_1_98' title='bbox 457 2096 570 2155; x_wconf 82' lang='lat' dir='ltr'><strong>timeat</strong></span> <span class='ocrx_word' id='word_1_99' title='bbox 649 2096 774 2155; x_wconf 72' lang='lat' dir='ltr'><strong>Athene</strong></span> <span class='ocrx_word' id='word_1_100' title='bbox 787 2097 859 2155; x_wconf 84' lang='lat' dir='ltr'><strong>vivo.</strong></span> 
     </span>
     <span class='ocr_line' id='line_1_21' title="bbox 240 2194 300 2235; baseline 0.033 -2"><span class='ocrx_word' id='word_1_101' title='bbox 240 2194 300 2235; x_wconf 86' lang='lat' dir='ltr'><strong>ens.</strong></span> 
     </span>
    </p>
   </div>
   <div class='ocr_carea' id='block_1_7' title="bbox 141 2252 1142 2417">
    <p class='ocr_par' dir='ltr' id='par_1_17' title="bbox 141 2252 1142 2417">
     <span class='ocr_line' id='line_1_22' title="bbox 141 2252 1142 2329; baseline 0.001 -18"><span class='ocrx_word' id='word_1_102' title='bbox 141 2252 343 2329; x_wconf 82' lang='lat' dir='ltr'><strong>Hippocrates,</strong></span> <span class='ocrx_word' id='word_1_103' title='bbox 363 2253 437 2312; x_wconf 92' lang='lat' dir='ltr'><strong>born</strong></span> <span class='ocrx_word' id='word_1_104' title='bbox 458 2263 487 2312; x_wconf 80' lang='lat' dir='ltr'><strong>et</strong></span> <span class='ocrx_word' id='word_1_105' title='bbox 500 2253 571 2311; x_wconf 82' lang='lat' dir='ltr'><strong>Car·</strong></span> <span class='ocrx_word' id='word_1_106' title='bbox 611 2252 1041 2329; x_wconf 70' lang='lat' dir='ltr'><strong>Hippocrhtes‚natusCarthh·</strong></span> <span class='ocrx_word' id='word_1_107' title='bbox 1141 2272 1142 2320; x_wconf 59' lang='grc' dir='ltr'><strong>ς</strong></span> 
     </span>
     <span class='ocr_line' id='line_1_23' title="bbox 179 2332 1141 2417; baseline 0.002 -28"><span class='ocrx_word' id='word_1_108' title='bbox 179 2333 276 2409; x_wconf 83' lang='lat' dir='ltr'><strong>thoge,</strong></span> <span class='ocrx_word' id='word_1_109' title='bbox 296 2352 355 2393; x_wconf 78' lang='lat' dir='ltr'><strong>was</strong></span> <span class='ocrx_word' id='word_1_110' title='bbox 382 2353 418 2391; x_wconf 84' lang='lat' dir='ltr'><strong>an</strong></span> <span class='ocrx_word' id='word_1_111' title='bbox 441 2332 569 2391; x_wconf 87' lang='lat' dir='ltr'><strong>eminent</strong></span> <span class='ocrx_word' id='word_1_112' title='bbox 647 2350 695 2409; x_wconf 84' lang='lat' dir='ltr'><strong>go,</strong></span> <span class='ocrx_word' id='word_1_113' title='bbox 717 2352 780 2389; x_wconf 88' lang='lat' dir='ltr'><strong>sum</strong></span> <span class='ocrx_word' id='word_1_114' title='bbox 802 2332 922 2409; x_wconf 80' lang='lat' dir='ltr'><strong>insignis</strong></span> <span class='ocrx_word' id='word_1_115' title='bbox 948 2334 1040 2391; x_wconf 85' lang='lat' dir='ltr'><strong>medi·</strong></span> <span class='ocrx_word' id='word_1_116' title='bbox 1140 2414 1141 2417; x_wconf 7' lang='grc' dir='ltr'><strong>Ἰ</strong></span> 
     </span>
    </p>
   </div>
   <div class='ocr_carea' id='block_1_8' title="bbox 138 2410 1040 3254">
    <p class='ocr_par' dir='ltr' id='par_1_18' title="bbox 179 2410 708 2487">
     <span class='ocr_line' id='line_1_24' title="bbox 179 2410 708 2487; baseline 0.002 -21"><span class='ocrx_word' id='word_1_117' title='bbox 179 2410 336 2487; x_wconf 85' lang='lat' dir='ltr'><strong>physioian.</strong></span> <span class='ocrx_word' id='word_1_118' title='bbox 648 2429 708 2468; x_wconf 88' lang='lat' dir='ltr'><strong>cus.</strong></span> 
     </span>
    </p>

    <p class='ocr_par' dir='ltr' id='par_1_19' title="bbox 140 2487 1040 2628">
     <span class='ocr_line' id='line_1_25' title="bbox 140 2487 1040 2566; baseline 0.003 -20"><span class='ocrx_word' id='word_1_119' title='bbox 140 2487 238 2547; x_wconf 74' lang='lat' dir='ltr'><strong>Cesar</strong></span> <span class='ocrx_word' id='word_1_120' title='bbox 264 2491 370 2551; x_wconf 88' lang='lat' dir='ltr'><strong>retired</strong></span> <span class='ocrx_word' id='word_1_121' title='bbox 389 2491 464 2549; x_wconf 82' lang='lat' dir='ltr'><strong>from</strong></span> <span class='ocrx_word' id='word_1_122' title='bbox 484 2490 570 2549; x_wconf 85' lang='lat' dir='ltr'><strong>Alex·</strong></span> <span class='ocrx_word' id='word_1_123' title='bbox 609 2488 706 2547; x_wconf 78' lang='lat' dir='ltr'><strong>Caerar</strong></span> <span class='ocrx_word' id='word_1_124' title='bbox 720 2488 830 2566; x_wconf 82' lang='lat' dir='ltr'><strong>recipio</strong></span> <span class='ocrx_word' id='word_1_125' title='bbox 848 2488 892 2548; x_wconf 85' lang='lat' dir='ltr'><strong>rui</strong></span> <span class='ocrx_word' id='word_1_126' title='bbox 913 2490 1040 2549; x_wconf 85' lang='lat' dir='ltr'><strong>Alexan·</strong></span> 
     </span>
     <span class='ocr_line' id='line_1_26' title="bbox 180 2568 718 2628; baseline 0 -3"><span class='ocrx_word' id='word_1_127' title='bbox 180 2568 287 2628; x_wconf 64' lang='lat' dir='ltr'><strong>andria„</strong></span> <span class='ocrx_word' id='word_1_128' title='bbox 648 2568 718 2625; x_wconf 62' lang='lat' dir='ltr'><strong>dria„</strong></span> 
     </span>
    </p>

    <p class='ocr_par' dir='ltr' id='par_1_20' title="bbox 140 2644 1039 2865">
     <span class='ocr_line' id='line_1_27' title="bbox 140 2644 1039 2727; baseline 0.002 -22"><span class='ocrx_word' id='word_1_129' title='bbox 140 2644 303 2721; x_wconf 81' lang='lat' dir='ltr'><strong>AEschines,</strong></span> <span class='ocrx_word' id='word_1_130' title='bbox 326 2650 414 2727; x_wconf 88' lang='lat' dir='ltr'><strong>being</strong></span> <span class='ocrx_word' id='word_1_131' title='bbox 434 2648 570 2707; x_wconf 86' lang='lat' dir='ltr'><strong>condem·</strong></span> <span class='ocrx_word' id='word_1_132' title='bbox 609 2646 762 2705; x_wconf 83' lang='lat' dir='ltr'><strong>AEschines</strong></span> <span class='ocrx_word' id='word_1_133' title='bbox 776 2646 928 2705; x_wconf 60' lang='lat' dir='ltr'><strong>damnatus</strong></span> <span class='ocrx_word' id='word_1_134' title='bbox 946 2648 1039 2707; x_wconf 75' lang='lat' dir='ltr'><strong>Athe-</strong></span> 
     </span>
     <span class='ocr_line' id='line_1_28' title="bbox 178 2721 1039 2801; baseline 0.002 -19"><span class='ocrx_word' id='word_1_135' title='bbox 178 2725 245 2797; x_wconf 87' lang='lat' dir='ltr'><strong>ned‚</strong></span> <span class='ocrx_word' id='word_1_136' title='bbox 280 2727 331 2786; x_wconf 77' lang='lat' dir='ltr'><strong>lest</strong></span> <span class='ocrx_word' id='word_1_137' title='bbox 354 2730 477 2801; x_wconf 84' lang='lat' dir='ltr'><strong>Athens,</strong></span> <span class='ocrx_word' id='word_1_138' title='bbox 513 2725 568 2784; x_wconf 83' lang='lat' dir='ltr'><strong>and</strong></span> <span class='ocrx_word' id='word_1_139' title='bbox 648 2744 692 2781; x_wconf 86' lang='lat' dir='ltr'><strong>nae</strong></span> <span class='ocrx_word' id='word_1_140' title='bbox 707 2721 790 2797; x_wconf 86' lang='lat' dir='ltr'><strong>cedo,</strong></span> <span class='ocrx_word' id='word_1_141' title='bbox 804 2737 833 2784; x_wconf 90' lang='lat' dir='ltr'><strong>et</strong></span> <span class='ocrx_word' id='word_1_142' title='bbox 853 2727 897 2784; x_wconf 83' lang='lat' dir='ltr'><strong>sui</strong></span> <span class='ocrx_word' id='word_1_143' title='bbox 912 2727 1039 2785; x_wconf 79' lang='lat' dir='ltr'><strong>Rhodus</strong></span> 
     </span>
     <span class='ocr_line' id='line_1_29' title="bbox 179 2802 775 2865; baseline 0.002 -4"><span class='ocrx_word' id='word_1_144' title='bbox 179 2815 254 2863; x_wconf 82' lang='lat' dir='ltr'><strong>went</strong></span> <span class='ocrx_word' id='word_1_145' title='bbox 266 2816 296 2863; x_wconf 94' lang='lat' dir='ltr'><strong>to</strong></span> <span class='ocrx_word' id='word_1_146' title='bbox 310 2807 438 2865; x_wconf 86' lang='lat' dir='ltr'><strong>Rhodes.</strong></span> <span class='ocrx_word' id='word_1_147' title='bbox 647 2802 775 2862; x_wconf 59' lang='lat' dir='ltr'><strong>confero.</strong></span> 
     </span>
    </p>

    <p class='ocr_par' dir='ltr' id='par_1_21' title="bbox 139 2881 895 3021">
     <span class='ocr_line' id='line_1_30' title="bbox 139 2881 895 2963; baseline 0.003 -23"><span class='ocrx_word' id='word_1_148' title='bbox 139 2881 225 2959; x_wconf 84' lang='lat' dir='ltr'><strong>They</strong></span> <span class='ocrx_word' id='word_1_149' title='bbox 239 2903 313 2942; x_wconf 91' lang='lat' dir='ltr'><strong>were</strong></span> <span class='ocrx_word' id='word_1_150' title='bbox 323 2886 472 2963; x_wconf 86' lang='lat' dir='ltr'><strong>unwilling</strong></span> <span class='ocrx_word' id='word_1_151' title='bbox 484 2895 515 2943; x_wconf 91' lang='lat' dir='ltr'><strong>to</strong></span> <span class='ocrx_word' id='word_1_152' title='bbox 529 2903 567 2963; x_wconf 86' lang='lat' dir='ltr'><strong>go</strong></span> <span class='ocrx_word' id='word_1_153' title='bbox 607 2881 720 2940; x_wconf 89' lang='lat' dir='ltr'><strong>Domus</strong></span> <span class='ocrx_word' id='word_1_154' title='bbox 734 2901 805 2941; x_wconf 86' lang='lat' dir='ltr'><strong>exeo</strong></span> <span class='ocrx_word' id='word_1_155' title='bbox 818 2883 895 2942; x_wconf 90' lang='lat' dir='ltr'><strong>nolo.</strong></span> 
     </span>
     <span class='ocr_line' id='line_1_31' title="bbox 179 2961 357 3021; baseline 0.017 -3"><span class='ocrx_word' id='word_1_156' title='bbox 179 2961 250 3018; x_wconf 86' lang='lat' dir='ltr'><strong>frorn</strong></span> <span class='ocrx_word' id='word_1_157' title='bbox 265 2962 357 3021; x_wconf 90' lang='lat' dir='ltr'><strong>horne.</strong></span> 
     </span>
    </p>

    <p class='ocr_par' dir='ltr' id='par_1_22' title="bbox 138 3038 1040 3254">
     <span class='ocr_line' id='line_1_32' title="bbox 138 3038 1040 3118; baseline 0.004 -22"><span class='ocrx_word' id='word_1_158' title='bbox 138 3038 206 3097; x_wconf 85' lang='lat' dir='ltr'><strong>The</strong></span> <span class='ocrx_word' id='word_1_159' title='bbox 239 3058 319 3097; x_wconf 88' lang='lat' dir='ltr'><strong>more</strong></span> <span class='ocrx_word' id='word_1_160' title='bbox 352 3041 472 3099; x_wconf 85' lang='lat' dir='ltr'><strong>difficolt</strong></span> <span class='ocrx_word' id='word_1_161' title='bbox 512 3060 567 3118; x_wconf 85' lang='lat' dir='ltr'><strong>any</strong></span> <span class='ocrx_word' id='word_1_162' title='bbox 606 3039 670 3103; x_wconf 78' lang='lat' dir='ltr'><strong>Qui</strong></span> <span class='ocrx_word' id='word_1_163' title='bbox 685 3040 749 3115; x_wconf 85' lang='lat' dir='ltr'><strong>quis</strong></span> <span class='ocrx_word' id='word_1_164' title='bbox 762 3040 887 3099; x_wconf 80' lang='lat' dir='ltr'><strong>difficilis</strong></span> <span class='ocrx_word' id='word_1_165' title='bbox 900 3060 974 3115; x_wconf 84' lang='lat' dir='ltr'>sum,</span> <span class='ocrx_word' id='word_1_166' title='bbox 989 3041 1040 3101; x_wconf 90' lang='lat' dir='ltr'><strong>hic</strong></span> 
     </span>
     <span class='ocr_line' id='line_1_33' title="bbox 178 3117 808 3196; baseline 0.003 -21"><span class='ocrx_word' id='word_1_167' title='bbox 178 3117 260 3195; x_wconf 85' lang='lat' dir='ltr'><strong>thing</strong></span> <span class='ocrx_word' id='word_1_168' title='bbox 274 3118 308 3190; x_wconf 88' lang='lat' dir='ltr'><strong>is,</strong></span> <span class='ocrx_word' id='word_1_169' title='bbox 329 3119 378 3176; x_wconf 90' lang='lat' dir='ltr'><strong>the</strong></span> <span class='ocrx_word' id='word_1_170' title='bbox 397 3137 476 3177; x_wconf 91' lang='lat' dir='ltr'><strong>more</strong></span> <span class='ocrx_word' id='word_1_171' title='bbox 496 3120 567 3177; x_wconf 91' lang='lat' dir='ltr'><strong>hon·</strong></span> <span class='ocrx_word' id='word_1_172' title='bbox 645 3119 808 3196; x_wconf 71' lang='lat' dir='ltr'><strong>praeclr&#39;trus.</strong></span> 
     </span>
     <span class='ocr_line' id='line_1_34' title="bbox 178 3198 284 3254; baseline 0.019 -2"><span class='ocrx_word' id='word_1_173' title='bbox 178 3198 284 3254; x_wconf 87' lang='lat' dir='ltr'><strong>orable.</strong></span> 
     </span>
    </p>
   </div>
   <div class='ocr_carea' id='block_1_9' title="bbox 551 3320 613 3359">
    <p class='ocr_par' dir='ltr' id='par_1_23' title="bbox 551 3320 613 3359">
     <span class='ocr_line' id='line_1_35' title="bbox 551 3320 613 3359; baseline 0.016 -1"><span class='ocrx_word' id='word_1_174' title='bbox 551 3332 564 3358; x_wconf 76' lang='lat' dir='ltr'><strong><em>a</em></strong></span> <span class='ocrx_word' id='word_1_175' title='bbox 576 3320 613 3359; x_wconf 77' lang='lat'><strong>⁴16</strong></span> 
     </span>
    </p>
   </div>
   <div class='ocr_carea' id='block_1_10' title="bbox 0 0 1150 3667">
    <p class='ocr_par' dir='ltr' id='par_1_24' title="bbox 0 0 1150 3667">
     <span class='ocr_line' id='line_1_36' title="bbox 0 0 1150 3667; baseline 0 1"><span class='ocrx_word' id='word_1_176' title='bbox 0 0 1150 3667; x_wconf 95' lang='lat' dir='ltr'><strong> </strong></span> 
     </span>
    </p>
   </div>
  </div>
 </body>
</html>
