2292 3667
314 220 836 294 mansisse-rccusrnrvs,dic..
961 219 1017 278 147

448 386 503 434 See
518 389 684 435 411-413.

406 536 500 593 Latin
514 537 575 593 inte
588 536 725 611 English.

152 664 270 721 Codrus
283 682 314 721 se
329 663 357 721 in
372 664 496 723 medios⁶
512 664 630 722 immisit
644 664 747 722 hostes.

153 742 251 800 Proba
264 730 380 800 vita⁸via
393 755 436 801 est
451 744 479 801 in
495 744 609 801 celum.
791 801 796 805 .

153 822 249 879 Stoici
277 822 436 881 diviserunt
464 826 597 881 natriram
623 821 748 879 hominis
775 820 804 879 in
832 825 959 879 animum
986 832 1014 880 et

110 920 230 977 eorpus.

154 981 193 1038 Τ.
209 979 337 1037 Manlius
351 980 403 1037 suit
417 980 622 1057 perindulgens
636 979 665 1037 in
679 989 797 1055 patrem.

155 1059 266 1116 Milites
281 1058 404 1117 Caesdris
418 1061 472 1116 sub
485 1071 613 1117 montem
627 1058 798 1117 succedunt.

155 1138 305 1195 Miltiades
332 1138 449 1209 insirlas,
478 1158 540 1213 quae
570 1138 714 1213 Cyelddes
740 1137 934 1210 nominantur,
961 1138 1014 1195 sub

114 1216 339 1275 Atheniensium
355 1217 467 1293 redegit
480 1224 660 1292 potestatem.
805 1212 809 1227 ¹

155 1296 277 1366 Consul,
292 1314 367 1370 equo
388 1296 490 1353 eitat0⁶
511 1296 608 1353 subter
633 1315 745 1353 rnururn
757 1295 891 1354 thestium
912 1295 946 1353 ad
967 1314 1015 1353 eo·

114 1375 215 1432 hortes
227 1375 381 1432 advehitur.

156 1454 239 1510 Plato
252 1454 440 1529 cupiditatem
454 1453 551 1511 subter
564 1453 723 1529 praecordia
734 1453 847 1513 locavit.

156 1531 249 1602 Dolor
264 1532 293 1589 in
307 1532 438 1589 maxImis
452 1532 534 1589 malis
548 1532 670 1590 ducitur.

157 1612 236 1668 Aves
250 1611 379 1687 quaedam
393 1630 424 1668 se
439 1611 468 1668 in
482 1610 553 1668 mari
568 1620 708 1687 mergunt.

157 1690 322 1748 Decevari
335 1690 414 1766 leges
428 1690 458 1747 in
471 1689 627 1746 duodecim
642 1688 747 1747 tabidis
760 1689 945 1765 seripserunt.

156 1772 241 1847 Saepe
255 1780 298 1827 est
312 1768 398 1827 etiam
412 1769 466 1825 sub
478 1768 596 1845 pallidlo
609 1767 725 1825 sordido
739 1768 886 1843 sapientia.

333 1932 334 1935 ‘
404 1956 534 2032 nngrrsr
547 1956 607 2013 nto
620 1956 722 2015 narn.

118 2082 225 2142 Darius
238 2082 310 2139 built
332 2101 348 2139 a
364 2081 465 2159 bridge
479 2099 546 2139 over
587 2079 694 2139 Darius
713 2099 786 2157 pons
803 2080 877 2139 facio
892 2080 922 2139 in
942 2081 1016 2139 Ister

157 2162 206 2219 the
220 2161 293 2219 river
307 2160 388 2219 Ister.
626 2156 755 2218 flumen‘

120 2241 225 2299 Verres
245 2239 316 2298 used
342 2250 372 2297 to
399 2240 471 2297 have
491 2256 548 2297 one
587 2238 693 2297 Verres
703 2240 812 2296 eortina
822 2238 929 2297 habeo⁶
941 2259 1016 2298 unus

158 2318 276 2397 garland
301 2338 377 2396 upon
397 2318 442 2375 his
463 2318 546 2389 head,
627 2317 657 2375 in
668 2327 763 2394 caput,
776 2317 845 2375 alter
858 2317 887 2374 in
899 2318 1005 2376 collum

159 2398 278 2456 another
292 2416 369 2474 upon
382 2397 427 2453 hir
440 2396 525 2455 neck.

118 2478 215 2536 Cesar
236 2476 396 2552 compelled
412 2476 461 2533 the
481 2494 547 2533 ene·
587 2475 684 2534 Caesar
721 2475 811 2533 hostis
837 2475 891 2533 sub
918 2494 1015 2533 murus

158 2576 205 2633 my
225 2567 255 2613 to
276 2555 335 2613 hait
355 2554 479 2613 beneath
498 2553 548 2611 the
627 2554 754 2612 consisto
768 2574 850 2631 cogo.

160 2635 231 2692 wall.
526 2653 528 2659 ¹
967 2690 970 2696 ,

119 2714 146 2772 A
159 2714 255 2771 drawn
268 2712 361 2771 swerd
375 2713 466 2789 hange
481 2730 548 2770 over
588 2711 751 2769 Destrietus
770 2711 845 2769 ensis
866 2732 951 2787 super
966 2713 1016 2769 irn-

159 2792 230 2871 (his)
244 2792 367 2867 impious
382 2792 466 2851 neck.
625 2791 690 2865 pius
717 2789 823 2848 eervix'
836 2792 956 2867 pendeo.

119 2872 218 2929 Youth
239 2872 327 2947 easily
342 2871 389 2927 fall
411 2871 471 2929 into
491 2870 547 2927 dis·
588 2868 687 2926 Facile
716 2869 745 2926 in
774 2872 892 2928 morbus
919 2871 1015 2927 incido
1060 2921 1063 2925 ,

157 2970 245 3009 eases.
628 2948 802 3007 adolescens.
947 3013 948 3016 Ἴ

119 3030 215 3088 Caesar
235 3028 380 3086 withdrew
395 3028 439 3085 his
455 3028 546 3086 forces
587 3028 681 3102 Copia
702 3047 770 3085 suus
784 3028 880 3085 Cesar
903 3028 930 3085 in
953 3046 1015 3103 pro-

158 3119 188 3166 to
201 3108 249 3166 the
263 3118 377 3165 nearest
390 3107 449 3165 hill.
626 3108 688 3181 pior
703 3106 785 3164 collis
795 3108 935 3163 subrideo.

189 3278 261 3319 0³⁵⁹.
331 3274 476 3317 ὀ447ἁ506.
549 3278 617 3317 ι347.
722 3277 791 3315 east.
890 3274 950 3313 rabi.
