2292 3667
443 206 510 243 utre
531 206 568 243 or
588 204 708 243 rosuru.
970 187 1026 247 169

123 347 196 418 est,'¹
219 343 321 434 inquit,
343 344 569 420 “proficiscatur
591 344 776 433 Benjanrinus
797 344 955 415 vobiscum,
977 344 1024 401 de-

125 426 197 483 ferte
217 424 278 480 viro
299 427 420 481 munera
440 434 467 481 et
489 424 606 498 duplum
627 424 760 535 pretium,
775 442 811 480 ne
834 422 905 480 sorte
928 425 1024 481 errbre

125 494 243 561 sactum
246 504 283 560 sit
292 502 309 535 ²*
324 514 356 559 ut
369 503 450 559 vobis
463 501 659 561 redderetur*
674 502 751 577 prior
765 503 916 577 pecunie’·
995 511 998 515 ’

123 680 171 739 25.
192 682 296 758 loseph
307 681 402 739 orders
411 702 431 738 a
438 681 528 739 Feast
538 690 567 738 te
576 682 606 739 be
609 681 755 758 prepared
753 680 809 757 for
819 682 862 739 tis
873 681 1022 739 Brothers.

163 816 354 878 Nuneir’utum*
364 831 407 877 est
426 820 556 895 Josepho
576 820 692 877 eosdem
711 819 786 877 viros
808 820 965 894 advenisse,
967 821 980 843 ⁵
994 830 1023 879 et

122 920 190 957 cum
205 901 259 957 eis⁶
275 900 424 974 parvulum
440 899 563 956 fratrem.

100 999 103 1005 ¹
163 978 255 1035 Jussit
275 978 421 1067 Jesephus
440 996 490 1035 eos
511 977 684 1037 introduei'
678 997 708 1035 vn
729 978 856 1050 domum,
871 988 900 1035 et
912 978 1023 1036 lautum
1088 993 1093 1003 '

121 1058 218 1132 pareri
232 1056 405 1113 convivium

163 1135 208 1191 Illi
230 1136 398 1192 metuebant
418 1153 454 1191 ne
476 1134 689 1211 arguerentur*
705 1135 741 1193 de
754 1106 878 1210 peeunid
893 1154 977 1209 quarn
992 1136 1022 1194 in

122 1215 217 1270 saccis
231 1216 414 1288 repererant:
436 1232 526 1289 quare
535 1219 731 1291 purgaverunt
744 1232 775 1271 se
791 1214 865 1290 apud
879 1214 1024 1291 dispensa·

123 1295 215 1349 terem
231 1292 360 1367 Josephi

165 1378 182 1403 “
194 1371 259 1427 Jarn
280 1370 377 1442 semel,
379 1372 396 1397 '’
412 1370 555 1460 inquiunt
577 1371 664 1429 “hue
684 1374 833 1429 venimus.
854 1372 958 1429 reversi
974 1373 1023 1429 do·

123 1450 215 1505 mum
232 1451 391 1506 invenImus
405 1450 527 1524 pretium
544 1450 699 1507 frumenti
695 1470 722 1506 vn
744 1451 855 1508 suecis
878 1456 1022 1509 nescimus

123 1547 249 1602 quonam
264 1548 332 1584 casu
348 1529 376 1583 id
392 1530 498 1585 fectum
513 1528 646 1585 sueritz*
667 1530 717 1585 sed
732 1529 851 1587 eandem
870 1531 1023 1615 pecuniam

122 1608 357 1681 reportavimusff'

162 1686 280 1746 Quibus
307 1687 487 1761 dispensator
522 1684 580 1742 ait:
623 1685 735 1743 “Bono
771 1690 867 1744 animo
901 1690 1020 1745 estete’·

122 1764 238 1822 Deinde
253 1765 371 1821 adduxit
386 1765 421 1821 ad
437 1764 500 1820 illos
520 1764 697 1834 simenem,
713 1764 762 1840 qui
777 1775 904 1823 retentus
919 1766 1020 1824 fuerat.

213 1942 262 1998 26.
290 1940 369 2017 They
383 1960 433 1998 ure
446 1940 586 1998 admitted
597 1949 625 1997 to
637 1940 765 2017 Josept’s
780 1942 928 2001 Presenee.
951 1966 954 1973 ·

163 2079 277 2137 Deinde
297 2078 443 2154 Josepbus
465 2080 610 2155 ingressus
630 2090 673 2137 est
694 2080 722 2137 in
744 2081 892 2152 conclave,
908 2082 956 2139 ubi
976 2084 1020 2141 sui

122 2178 189 2215 eurn
211 2159 311 2215 fratres
331 2160 544 2233 exspectabant,
560 2160 609 2234 qui
630 2178 696 2221 eum
718 2161 844 2217 venerati
859 2161 939 2217 suutd
954 2163 1022 2219 offe-

122 2242 218 2295 rentes
232 2256 360 2294 munere

163 2316 309 2391 Josephus
335 2334 386 2372 eos
413 2315 568 2373 elementer
581 2316 737 2388 suiutr'rvit,
760 2298 1019 2398 interrogavitque·

123 2394 293 2451 “Salvusne
314 2403 357 2451 est
377 2413 464 2451 senex
484 2394 542 2465 ille,
563 2414 647 2470 quem
669 2414 719 2452 vos
742 2398 863 2471 petrem
886 2384 1020 2458 habetist

121 2474 239 2531 Vivitne
254 2474 367 2530 adhue.
357 2474 393 2516 ⁹”

161 2551 239 2613 Quis
251 2552 480 2627 responderunt:
502 2551 634 2609 “Salvus
654 2564 696 2610 est
710 2564 789 2629 pater
804 2566 910 2627 noster,
926 2557 1020 2617 adhuc

121 2631 217 2689 vivit.''

161 2709 307 2785 Josephus
335 2719 439 2777 autern,
461 2709 601 2785 conjectis
622 2710 651 2766 in
673 2710 744 2785 Benj
748 2716 874 2771 aruinum
900 2716 1016 2788 emilie*

121 2788 211 2845 dixit.
241 2789 318 2845 “An
344 2788 397 2845 iste
421 2798 464 2844 est
487 2788 572 2844 frater
596 2800 688 2845 vester
711 2790 845 2848 minimus
848 2794 918 2867 ‚qui
942 2762 1019 2851 donii

120 2870 299 2924 remanserat
320 2867 394 2941 apud
414 2868 570 2942 patremi’'
626 2866 664 2923 Et
690 2887 806 2926 rursus:
835 2872 944 2930 “Deus
968 2873 1018 2929 sit'·

121 2945 174 3002 tibi
194 2946 344 3021 propitius,
366 2944 415 3001 fili·
436 2945 534 3015 mi;''!
556 2956 585 3002 et
606 2946 676 3002 abiit
697 2946 843 3021 festinans,
855 2970 923 3025 quia
943 2971 1019 3009 eom·

120 3025 217 3080 mbtus
231 3035 292 3081 erat
306 3028 412 3094 animo,
410 3013 455 3079 ‘et
468 3023 597 3080 iaerimae
618 3028 814 3101 erumpebant.

334 3156 346 3181 ⁸
361 3154 439 3211 why·
433 3169 452 3198 rs
462 3154 504 3198 this
514 3154 584 3199 verb
579 3170 599 3199 vn
611 3156 647 3200 the
657 3157 811 3216 subjunctive?

170 3222 241 3261 1⁴75.
348 3223 419 3261 0417.
438 3223 597 3287 reee⁶⁴⁰⁴
623 3238 726 3279 1435
709 3225 775 3275 r4⁴⁷
890 3226 943 3265 ree.

169 3271 241 3311 rrae
349 3272 419 3309 rere.
527 3272 590 3319 seue
709 3275 782 3313 ruer
885 3276 944 3330 jeu

362 3335 399 3392 15
